<record><leader>00000cas a22000007a 4500</leader><controlfield tag="001">10312806</controlfield><controlfield tag="007">hd afv---baca</controlfield><controlfield tag="008">840118d18161817nyuwr nea     0    0eng d</controlfield><datafield ind1=" " ind2=" " tag="010"><subfield code="a">sf 89092215 </subfield></datafield><datafield ind1=" " ind2=" " tag="040"><subfield code="a">PES</subfield><subfield code="b">eng</subfield><subfield code="c">PES</subfield><subfield code="d">DLC</subfield><subfield code="d">FUG</subfield><subfield code="d">OCL</subfield><subfield code="d">OCLCQ</subfield><subfield code="d">OCLCF</subfield><subfield code="d">OCLCO</subfield><subfield code="d">OCLCQ</subfield></datafield><datafield ind1=" " ind2=" " tag="042"><subfield code="a">msc</subfield></datafield><datafield ind1=" " ind2=" " tag="043"><subfield code="a">n-us-ny</subfield></datafield><datafield ind1="0" ind2="0" tag="050"><subfield code="a">Microfilm 01104 no. 90 AP</subfield></datafield><datafield ind1="0" ind2="4" tag="082"><subfield code="a">051</subfield><subfield code="b">A51p2</subfield></datafield><datafield ind1="0" ind2="0" tag="245"><subfield code="a">Civil &amp; religious intelligencer.</subfield></datafield><datafield ind1="3" ind2="0" tag="246"><subfield code="a">Civil and religious intelligencer</subfield></datafield><datafield ind1=" " ind2=" " tag="260"><subfield code="a">Sangerfield, N.Y. :</subfield><subfield code="b">[publisher not identified],</subfield><subfield code="c">1816-</subfield></datafield><datafield ind1=" " ind2=" " tag="300"><subfield code="a">volumes</subfield></datafield><datafield ind1=" " ind2=" " tag="310"><subfield code="a">Weekly</subfield></datafield><datafield ind1=" " ind2=" " tag="336"><subfield code="a">text</subfield><subfield code="b">txt</subfield><subfield code="2">rdacontent</subfield></datafield><datafield ind1=" " ind2=" " tag="337"><subfield code="a">microform</subfield><subfield code="b">h</subfield><subfield code="2">rdamedia</subfield></datafield><datafield ind1=" " ind2=" " tag="338"><subfield code="a">microfilm reel</subfield><subfield code="b">hd</subfield><subfield code="2">rdacarrier</subfield></datafield><datafield ind1="1" ind2=" " tag="362"><subfield code="a">Began with: Vol. 1, no. 1 (Nov. 18, 1816).</subfield></datafield><datafield ind1=" " ind2=" " tag="500"><subfield code="a">Film incomplete: scattered issues wanting.</subfield></datafield><datafield ind1=" " ind2=" " tag="580"><subfield code="a">Christian's monitor (called Christian's weekly monitor, Nov. 1815-Feb. 1817) was issued within the Civil &amp; religious intelligencer.</subfield></datafield><datafield ind1=" " ind2=" " tag="588"><subfield code="a">Description based on: Vol. 1, no. 5 (Dec. 16, 1816); title from caption.</subfield></datafield><datafield ind1=" " ind2=" " tag="533"><subfield code="a">Microfilm.</subfield><subfield code="b">Ann Arbor, Mich. :</subfield><subfield code="c">University Microfilms,</subfield><subfield code="d">1949.</subfield><subfield code="e">1 microfilm reel ; 35 mm.</subfield><subfield code="f">(American periodical series, 1800-1850 ; 90).</subfield></datafield><datafield ind1=" " ind2="0" tag="651"><subfield code="a">Sangerfield (N.Y.)</subfield><subfield code="v">Newspapers.</subfield></datafield><datafield ind1=" " ind2="0" tag="651"><subfield code="a">Oneida County (N.Y.)</subfield><subfield code="v">Newspapers.</subfield></datafield><datafield ind1=" " ind2="7" tag="651"><subfield code="a">New York (State)</subfield><subfield code="z">Oneida County.</subfield><subfield code="2">fast</subfield><subfield code="0">(OCoLC)fst01209049</subfield></datafield><datafield ind1=" " ind2="7" tag="651"><subfield code="a">New York (State)</subfield><subfield code="z">Sangerfield.</subfield><subfield code="2">fast</subfield><subfield code="0">(OCoLC)fst01302567</subfield></datafield><datafield ind1=" " ind2="7" tag="655"><subfield code="a">Newspapers.</subfield><subfield code="2">fast</subfield><subfield code="0">(OCoLC)fst01423814</subfield></datafield><datafield ind1=" " ind2=" " tag="752"><subfield code="a">United States</subfield><subfield code="b">New York</subfield><subfield code="c">Oneida</subfield><subfield code="d">Sangerfield.</subfield></datafield><datafield ind1="1" ind2=" " tag="776"><subfield code="c">Original</subfield><subfield code="w">(DLC)sn 85027086</subfield><subfield code="w">(OCoLC)12953588</subfield></datafield><datafield ind1="1" ind2=" " tag="777"><subfield code="t">Christian's weekly monitor</subfield><subfield code="w">(DLC)sf 89092214</subfield><subfield code="w">(OCoLC)1033287</subfield></datafield><datafield ind1="1" ind2=" " tag="777"><subfield code="t">Christian's monitor</subfield><subfield code="w">(DLC)sf 89092213</subfield><subfield code="w">(OCoLC)10313519</subfield></datafield><datafield ind1="0" ind2="0" tag="785"><subfield code="t">Civil &amp; religious intelligencer, or, The gleaner &amp; monitor</subfield><subfield code="w">(DLC)sf 87092528</subfield><subfield code="w">(OCoLC)1587153</subfield></datafield><datafield ind1=" " ind2="0" tag="830"><subfield code="a">American periodical series, 1800-1850 ;</subfield><subfield code="v">90.</subfield></datafield><datafield ind1="1" ind2=" " tag="029"><subfield code="a">AU@</subfield><subfield code="b">000020128830</subfield></datafield></record>